<?xml version="1.0" encoding="utf-8"?>
<record xmlns="http://www.loc.gov/MARC21/slim" xmlns:xsi="http://www.w3.org/2001/XMLSchema-instance" xsi:schemaLocation="http://www.loc.gov/MARC21/slim http://www.loc.gov/standards/marcxml/schema/MARC21slim.xsd">
	<leader>     nam a22     Mi 4500</leader>
	<controlfield tag="001">b12280987</controlfield>
	<controlfield tag="003">UaCaAUL</controlfield>
	<controlfield tag="006">m        d        </controlfield>
	<controlfield tag="007">cr cn |||m|||a</controlfield>
	<controlfield tag="008">190222s1935    ua      o     000 0 ara d</controlfield>
	<datafield ind1=" " ind2=" " tag="040">
		<subfield code="a">ZYU</subfield>
		<subfield code="b">ara</subfield>
		<subfield code="e">rda</subfield>
		<subfield code="c">ZYU</subfield>
	</datafield>
	<datafield ind1=" " ind2=" " tag="090">
		<subfield code="a">BP189</subfield>
		<subfield code="b">.D5 1935</subfield>
	</datafield>
	<datafield ind1="1" ind2=" " tag="100">
		<subfield code="6">880-01</subfield>
		<subfield code="a">Dīrīnī, ʻAbd al-ʻAzīz,</subfield>
		<subfield code="d">1215-approximately 1295,</subfield>
		<subfield code="e">author.</subfield>
	</datafield>
	<datafield ind1="1" ind2="0" tag="240">
		<subfield code="6">880-02</subfield>
		<subfield code="a">Ṭahārat al-qulūb wa-al-khuḍūʻ li-ʻallām al-ghuyūb fī ʻilm al-taṣawwuf</subfield>
	</datafield>
	<datafield ind1="1" ind2="0" tag="245">
		<subfield code="6">880-03</subfield>
		<subfield code="a">Kitāb ṭahārat al-qulūb wa-al-khuḍūʻ li-ʻallām al-ghuyūb :</subfield>
		<subfield code="b">fī ʻilm al-taṣawwuf /</subfield>
		<subfield code="c">li-Imām al-sālikīn wa-qudwat al-bararah al-ʻārifīn dhī al-futūḥāt al-ghaybīyah wa-fayḍāt al-madanīyah al-ṣamadānīyah ṣāḥib al-mashrab al-ṣāfī al-maʻīnī al-ʻārif bi-Allāh taʻālá sīdī Abd al-ʻAzīz al-Dīrīnī, mattaʻahu dhū al-jalāl wa-al-ikrām bi-mushāhadat wajhihi al-karīm fī dār al-salām.</subfield>
	</datafield>
	<datafield ind1=" " ind2=" " tag="250">
		<subfield code="6">880-04</subfield>
		<subfield code="a">al-Ṭabʻah al-ūlá.</subfield>
	</datafield>
	<datafield ind1=" " ind2="1" tag="264">
		<subfield code="6">880-05</subfield>
		<subfield code="a">al-Qāhirah :</subfield>
		<subfield code="b">al-Maṭbaʻh al-ʻUthmānīyah al-Miṣrīyah,</subfield>
		<subfield code="c">1296 H [1935]</subfield>
	</datafield>
	<datafield ind1=" " ind2=" " tag="300">
		<subfield code="a">online resource (223 pages)</subfield>
	</datafield>
	<datafield ind1=" " ind2=" " tag="336">
		<subfield code="a">text</subfield>
		<subfield code="2">rdacontent</subfield>
	</datafield>
	<datafield ind1=" " ind2=" " tag="337">
		<subfield code="a">computer</subfield>
		<subfield code="2">rdamedia</subfield>
	</datafield>
	<datafield ind1=" " ind2=" " tag="338">
		<subfield code="a">online resource</subfield>
		<subfield code="2">rdacarrier</subfield>
	</datafield>
	<datafield ind1=" " ind2=" " tag="500">
		<subfield code="6">880-06</subfield>
		<subfield code="a">Ṭubiʻa ʻalá al-nusakh al-Amīrīyah al-maṭbūʻah sanat 1296 Hijrīyah, ṭubiʻa ʻalá nafaqat ʻUthmān Khalīfah.</subfield>
	</datafield>
	<datafield ind1=" " ind2=" " tag="500">
		<subfield code="a">Part of the Arabic Collections Online (ACO) project, contributed by American University in Cairo Library.</subfield>
	</datafield>
	<datafield ind1=" " ind2=" " tag="533">
		<subfield code="a">Electronic reproduction.</subfield>
		<subfield code="b">New York, N.Y. :</subfield>
		<subfield code="c">New York University,</subfield>
		<subfield code="d">2019.</subfield>
		<subfield code="5">NNU</subfield>
	</datafield>
	<datafield ind1=" " ind2="0" tag="650">
		<subfield code="a">Sufism.</subfield>
	</datafield>
	<datafield ind1=" " ind2="7" tag="650">
		<subfield code="a">Sufism.</subfield>
		<subfield code="2">fast</subfield>
		<subfield code="0">(OCoLC)fst01137257</subfield>
	</datafield>
	<datafield ind1="2" ind2=" " tag="710">
		<subfield code="a">American University in Cairo.</subfield>
		<subfield code="b">Library.</subfield>
	</datafield>
	<datafield ind1="0" ind2=" " tag="730">
		<subfield code="a">Arabic Collections Online.</subfield>
	</datafield>
	<datafield ind1="0" ind2="8" tag="776">
		<subfield code="i">Print version:</subfield>
		<subfield code="a">Dīrīnī, ʻAbd al-ʻAzīz, 1215-approximately 1295, author.</subfield>
		<subfield code="t">Kitāb ṭahārat al-qulūb wa-al-khuḍūʻ li-ʻallām al-ghuyūb</subfield>
		<subfield code="w">(UaCaAUL)b12280987</subfield>
		<subfield code="w">(OCoLC)123004676</subfield>
	</datafield>
	<datafield ind1="4" ind2="0" tag="856">
		<subfield code="u">http://hdl.handle.net/2333.1/z8w9gs23</subfield>
	</datafield>
	<datafield ind1="1" ind2=" " tag="880">
		<subfield code="6">100-01</subfield>
		<subfield code="a">ديريني، عبد العزيز،</subfield>
		<subfield code="d">1215-حوالي 1295.</subfield>
	</datafield>
	<datafield ind1="1" ind2="0" tag="880">
		<subfield code="6">240-02</subfield>
		<subfield code="a">طهارة القلوب والخضوع لعلام الغيوب في علم التصوف</subfield>
	</datafield>
	<datafield ind1="1" ind2="0" tag="880">
		<subfield code="6">245-03</subfield>
		<subfield code="a">كتاب طهارة القلوب والخضوع لعلام الغيوب :</subfield>
		<subfield code="b">في علم التصوف /</subfield>
		<subfield code="c">لإمام السالكين وقدوة البررة العارفين ذي الفتوحات الغيبية وفيضات المدنية الصمدانية صاحب المشرب الصافي المعيني العارف بالله تعالى سيدي عبد العزيز الديريني، متعه ذو الجلال والإكرام بمشاهدة وجهه الكريم في دار السلام.</subfield>
	</datafield>
	<datafield ind1=" " ind2=" " tag="880">
		<subfield code="6">250-04</subfield>
		<subfield code="a">الطبعة الأولى.</subfield>
	</datafield>
	<datafield ind1=" " ind2="1" tag="880">
		<subfield code="6">264-05</subfield>
		<subfield code="a">القاهرة :</subfield>
		<subfield code="b">المطبعه العثمانية المصرية،</subfield>
		<subfield code="c">1296 هـ [1935]</subfield>
	</datafield>
	<datafield ind1=" " ind2=" " tag="880">
		<subfield code="6">500-06</subfield>
		<subfield code="a">طبع على النسخ الأميرية المطبوعة سنة 1296 هجرية، طبع على نفقة عثمان خليفة.</subfield>
	</datafield>
	<datafield ind1=" " ind2=" " tag="959">
		<subfield code="a">NNU</subfield>
		<subfield code="b">WEB</subfield>
		<subfield code="c">GENI</subfield>
		<subfield code="t">0</subfield>
		<subfield code="m">Electronic access</subfield>
		<subfield code="s">01</subfield>
	</datafield>
	<datafield ind1=" " ind2=" " tag="999">
		<subfield code="i">UaCaAUL_b12280987</subfield>
		<subfield code="o">(OCoLC)ocn123004676</subfield>
		<subfield code="s">auc_aco000276</subfield>
	</datafield>
</record>
